% Encoding: UTF-8

@book{Knuth1998,
 author = {Knuth, Donald E.},
 title = {The art of computer programming,  volume 3: (2nd ed.) sorting and searching},
 year = {1998},
 publisher = {Addison Wesley Longman Publishing Co., Inc.},
 address = {Redwood City, CA, USA}
}

@book{Pollefliet2011,
  author = {Pollefliet, Leen},
  title = {Schrijven van verslag tot eindwerk: do's en don'ts},
  year = {2011},
  publisher = {Academia Press},
  address = {Gent}
}

@article{Creeger2009,
  author = {Creeger, Mache},
  journal = {Communications of the ACM},
  number = {8},
  pages = {50--56},
  title = {{CTO Roundtable: Cloud Computing}},
  volume = {52},
  year = {2009}
}

@Article{Symons2005,
  author = {Craig Symons},
  date   = {2005-03-29},
  title  = {IT Governance Framework},
}

@Online{Mikkola2021,
  author = {Tony Mikkola},
  date   = {2021},
  title  = {Extending IT governance with Azure cloud governance},
  url    = {https://www.theseus.fi/bitstream/handle/10024/502339/Thesis_Mikkola_2021.pdf?sequence=2&isAllowed=y},
}

@Comment{jabref-meta: databaseType:biblatex;}
