% Encoding: UTF-8

@Article{SabiEtAl2016,
  author       = {Sabi, Humphrey M. and Uzoka, Faith-Michael E. and Langmia, Kehbuma and Njeh, Felix M.},
  title        = {Conceptualizing a model for adoption of cloud computing in education},
  journaltitle = {International Journal of Information Management},
  year         = {2016},
  volume       = {36},
  number       = {2},
  pages        = {183--191},
  doi          = {10.1016/j.ijinfomgt.2015.11.010},
  url          = {http://www.sciencedirect.com/science/article/pii/S0268401215001115},
}

@Online{LewisFowler2014,
  author    = {Lewis, James and Fowler, Martin},
  title     = {Microservices: a definition of this new architectural term},
  date      = {2014-03-25},
  url       = {http://martinfowler.com/articles/microservices.html},
  urldate   = {2016-09-01},
}

@Online{Hykes2013,
  author    = {Solomon Hykes},
  title     = {The future of Linux Containers (PyCon 2013)},
  date      = {2013-03-21},
  url       = {https://www.youtube.com/watch?v=wW9CAH9nSLs},
  urldate   = {2016-09-01},
}

@Online{VladisLavV.2008,
  author  = {VladisLav V. ,Fomin and Henk J., de Vries and Yves, Barlette},
  date    = {2008-09-10},
  title   = {ISO/IEC 27001 INFORMATION SYSTEMS SECURITY MANAGEMENT STANDARD : EXPLORING THE REASONS FOR LOW ADOPTION},
  url     = {https://www.researchgate.net/profile/Henk-J-De-Vries/publication/228898807_ISOIEC_27001_Information_Systems_Security_Management_Standard_Exploring_the_reasons_for_low_adoption/links/0c96052b5441d2be49000000/ISO-IEC-27001-Information-Systems-Security-Management-Standard-Exploring-the-reasons-for-low-adoption.pdf},
  urldate = {2023-12-14},
}

@Article{Carole2012,
  author = {Carole, Lalonde and Olivier, Boiral},
  date   = {2012-11-07},
  title  = {Managing risks through ISO 31000: A critical analysis},
  url    = {https://link.springer.com/article/10.1057/rm.2012.9},
}

@Article{Alan2023,
  author = {Alan, Calder},
  date   = {2023-12-04},
  title  = {ISO/IEC 38500 The IT governance standard},
  url    = {https://books.google.be/books?hl=en&lr=&id=NhEXBdj0PwAC&oi=fnd&pg=PA8&dq=ISO/IEC+38500&ots=bpXcS4TcXX&sig=zhe40lb0VK3GjHZke6lk4AF5H3E&redir_esc=y#v=onepage&q=ISO/IEC 38500&f=false},
}

@Article{Sultan2017,
  author = {Sultan, Almuhammadi and Majeed, Alsaleh},
  date   = {2017-11-09},
  title  = {INFORMATION SECURITY MATURITYMODEL FOR NIST CYBER SECURITYFRAMEWORK},
  url    = {https://www.csitcp.com/paper/7/73csit05.pdf},
}

@Article{George2014,
  author = {George, Mangalaraj and Anil, Singh and Aakash Taneja},
  date   = {2014-09-30},
  title  = {IT Governance Frameworks and COBIT- A Literature Review},
  url    = {https://core.ac.uk/download/pdf/301361993.pdf},
}

@Comment{jabref-meta: databaseType:biblatex;}
